
@Misc{rss2,
 author = {RSS Advisory Board},
 title = {RSS 2.0 Specification},
 howpublished = {[online]},
note = {[vid. 19.októbra 2022]},
 url = {https://www.rssboard.org/rss-specification#google_vignette},
 }

@Misc{atom,
author = {AtomPub Working Group},
title = {Introduction to Atom},
howpublished = {[online]},
note = {[vid. 19.októbra 2022]},
url = {https://validator.w3.org/feed/docs/atom.html#requiredFeedElements}
}

@techreport{URI,
  title={Uniform resource identifier (URI): Generic syntax},
  author={Berners-Lee, Tim and Fielding, Roy and Masinter, Larry},
  howpublished = {[online]},
  note = {[vid. 19.októbra 2022]},
  year={2005}
}

@Misc{openSSL,
title = {Secure programming with the OpenSSL API},
author = {Kenneth Ballard},
howpublished = {[online]},
year = "pub. 21.júla 2004",
revised = "revidované 15.augusta 2018",
note = {[vid. 19.októbra 2022]},
url = {https://validator.w3.org/feed/docs/atom.html#requiredFeedElements}
}

 